@article{bender2021dangers,
  title={On the Dangers of Stochastic Parrots: Can Language Models Be Too Big?},
  author={Bender, Emily M. and Gebru, Timnit and McMillan-Major, Angelina and Shmitchell, Shmargaret},
  journal={Proceedings of the 2021 ACM Conference on Fairness, Accountability, and Transparency},
  pages={610--623},
  year={2021},
  publisher={ACM},
  doi={10.1145/3442188.3445922}
}

@article{blodgett2020language,
  title={Language (Technology) is Power: A Critical Survey of "Bias" in {NLP}},
  author={Blodgett, Su Lin and Barocas, Solon and Daum{\'e} III, Hal and Wallach, Hanna},
  journal={Proceedings of the 58th Annual Meeting of the Association for Computational Linguistics},
  pages={5454--5476},
  year={2020},
  publisher={Association for Computational Linguistics},
  doi={10.18653/v1/2020.acl-main.485}
}

@article{isenberg1986group,
  title={Group Polarization: A Critical Review and Meta-Analysis},
  author={Isenberg, Daniel J.},
  journal={Journal of Personality and Social Psychology},
  volume={50},
  number={6},
  pages={1141--1151},
  year={1986},
  publisher={American Psychological Association},
  doi={10.1037/0022-3514.50.6.1141}
}

@book{page2007difference,
  title={The Difference: How the Power of Diversity Creates Better Groups, Firms, Schools, and Societies},
  author={Page, Scott E.},
  year={2007},
  publisher={Princeton University Press},
  isbn={9780691128382}
}

@article{du2023improving,
  title={Improving Factuality and Reasoning in Language Models through Multiagent Debate},
  author={Du, Yilun and Sharma, Saurabh and Shi, Xinyun and Tenenbaum, Joshua B. and Narasimhan, Karthik},
  journal={arXiv preprint arXiv:2305.14325},
  year={2023}
}

@article{park2023generative,
  title={Generative Agents: Interactive Simulacra of Human Behavior},
  author={Park, Joon Sung and O'Brien, Joseph C. and Cai, Carrie J. and Morris, Meredith Ringel and Liang, Percy and Bernstein, Michael S.},
  journal={Proceedings of the 36th Annual ACM Symposium on User Interface Software and Technology},
  pages={1--22},
  year={2023},
  publisher={ACM},
  doi={10.1145/3586183.3606763}
}

@article{wang2023survey,
  title={A Survey on Large Language Model based Autonomous Agents},
  author={Wang, Lei and Chen, Wanyu and Cheng, Hao and Zhang, Yue},
  journal={arXiv preprint arXiv:2308.11432},
  year={2023}
}

@article{sunstein2002law,
  title={The Law of Group Polarization},
  author={Sunstein, Cass R.},
  journal={Journal of Political Philosophy},
  volume={10},
  number={2},
  pages={175--195},
  year={2002},
  publisher={Wiley},
  doi={10.1111/1467-9760.00148}
}

@article{hong2004groups,
  title={Groups of Diverse Problem Solvers Can Outperform Groups of High-Ability Problem Solvers},
  author={Hong, Lu and Page, Scott E.},
  journal={Proceedings of the National Academy of Sciences},
  volume={101},
  number={46},
  pages={16385--16389},
  year={2004},
  publisher={National Academy of Sciences},
  doi={10.1073/pnas.0403723101}
}

@article{bolukbasi2016man,
  title={Man is to Computer Programmer as Woman is to Homemaker? Debiasing Word Embeddings},
  author={Bolukbasi, Tolga and Chang, Kai-Wei and Zou, James Y. and Saligrama, Venkatesh and Kalai, Adam T.},
  journal={Advances in Neural Information Processing Systems},
  volume={29},
  year={2016}
}

@article{abid2021persistent,
  title={Persistent Anti-Muslim Bias in Large Language Models},
  author={Abid, Abubakar and Farooqi, Maheen and Zou, James},
  journal={Proceedings of the 2021 AAAI/ACM Conference on AI, Ethics, and Society},
  pages={298--306},
  year={2021},
  publisher={ACM},
  doi={10.1145/3461702.3462624}
}

@article{feng2023pretraining,
  title={Pretraining Language Models with Human Preferences},
  author={Feng, Lianmin and Tian, Yiqing and Gu, Jiawei and Zhao, Hang and Liang, Percy and Hashimoto, Tatsunori},
  journal={arXiv preprint arXiv:2302.08582},
  year={2023}
}

@article{shah2020predictive,
  title={Predictive Biases in Natural Language Processing Models: A Conceptual Framework and Overview},
  author={Shah, Deven and Schwartz, H. Andrew and Hovy, Dirk},
  journal={Proceedings of the 58th Annual Meeting of the Association for Computational Linguistics},
  pages={5248--5264},
  year={2020},
  publisher={Association for Computational Linguistics},
  doi={10.18653/v1/2020.acl-main.468}
}

@article{gallegos2023bias,
  title={Bias and Fairness in Large Language Models: A Survey},
  author={Gallegos, Angelica and Cho, Kyunghyun and Sorensen, Jeffrey},
  journal={arXiv preprint arXiv:2309.00770},
  year={2023}
}

@article{liang2021towards,
  title={Towards Understanding and Mitigating Social Biases in Language Models},
  author={Liang, Paul Pu and Li, Irene Mengze and Zheng, Emily and Lim, Yao Chong and Salakhutdinov, Ruslan and Morency, Louis-Philippe},
  journal={Proceedings of the 38th International Conference on Machine Learning},
  pages={6565--6576},
  year={2021},
  publisher={PMLR}
}

@article{webster2020measuring,
  title={Measuring and Reducing Gendered Correlations in Pre-trained Models},
  author={Webster, Kellie and Recasens, Marta and Axelrod, Vera and Baldridge, Jason},
  journal={arXiv preprint arXiv:2010.06032},
  year={2020}
}

@article{zhang2018mitigating,
  title={Mitigating Unwanted Biases with Adversarial Learning},
  author={Zhang, Brian Hu and Lemoine, Blake and Mitchell, Margaret},
  journal={Proceedings of the 2018 AAAI/ACM Conference on AI, Ethics, and Society},
  pages={335--340},
  year={2018},
  publisher={ACM},
  doi={10.1145/3278721.3278779}
}

@article{liang2020towards,
  title={Towards Debiasing Sentence Representations},
  author={Liang, Paul Pu and Li, Irene Mengze and Zheng, Emily and Lim, Yao Chong and Salakhutdinov, Ruslan and Morency, Louis-Philippe},
  journal={Proceedings of the 58th Annual Meeting of the Association for Computational Linguistics},
  pages={5502--5515},
  year={2020},
  publisher={Association for Computational Linguistics},
  doi={10.18653/v1/2020.acl-main.488}
}

@article{chen2023agentverse,
  title={AgentVerse: Facilitating Multi-Agent Collaboration and Exploring Emergent Behaviors in Agents},
  author={Chen, Weize and Li, Yusheng and Bao, Junjie and Zhu, Chenfei and Liu, Zang and Si, Chaowei and Zhao, Lifan and Zhang, Yushi and Wang, Yicheng and Ding, Bowen and others},
  journal={arXiv preprint arXiv:2308.10848},
  year={2023}
}

@article{li2023camel,
  title={CAMEL: Communicative Agents for "Mind" Exploration of Large Scale Language Model Society},
  author={Li, Guohao and Hammoud, Hasan Abed Al Kader and Itani, Hani and Khizbullin, Dmitrii and Ghanem, Bernard},
  journal={arXiv preprint arXiv:2303.17760},
  year={2023}
}

@article{myers1976group,
  title={Group Polarization in a Model of Jury Decision Making},
  author={Myers, David G. and Kaplan, Martin F.},
  journal={Personality and Social Psychology Bulletin},
  volume={2},
  number={1},
  pages={63--66},
  year={1976},
  publisher={Sage Publications},
  doi={10.1177/014616727600200114}
}

@article{lamm1976choice,
  title={Choice Shift and Group Polarization: An Analysis of the Status of Arguments and Social Decision Schemes},
  author={Lamm, Helmut and Myers, David G.},
  journal={Journal of Personality and Social Psychology},
  volume={34},
  number={6},
  pages={1171--1181},
  year={1976},
  publisher={American Psychological Association},
  doi={10.1037/0022-3514.34.6.1171}
}

@article{stoner1961risky,
  title={A Comparison of Individual and Group Decisions Involving Risk},
  author={Stoner, James A. F.},
  journal={Unpublished master's thesis, Massachusetts Institute of Technology},
  year={1961}
}

@article{bommasani2021opportunities,
  title={On the Opportunities and Risks of Foundation Models},
  author={Bommasani, Rishi and Hudson, Drew A. and Adeli, Ehsan and Altman, Russ and Arora, Simran and von Arx, Sydney and Bernstein, Michael S. and Bohg, Jeannette and Bosselut, Antoine and Brunskill, Emma and others},
  journal={arXiv preprint arXiv:2108.07258},
  year={2021}
}

@article{brown2020language,
  title={Language Models are Few-Shot Learners},
  author={Brown, Tom B. and Mann, Benjamin and Ryder, Nick and Subbiah, Melanie and Kaplan, Jared and Dhariwal, Prafulla and Neelakantan, Arvind and Shyam, Pranav and Sastry, Girish and Askell, Amanda and others},
  journal={Advances in Neural Information Processing Systems},
  volume={33},
  pages={1877--1901},
  year={2020}
}

@article{zhao2021ethical,
  title={Ethical Considerations for Research on Language Models},
  author={Zhao, Jieyu and Wang, Tianlu and Yatskar, Mark and Cotterell, Ryan and Ordonez, Vicente and Chang, Kai-Wei},
  journal={arXiv preprint arXiv:2112.04359},
  year={2021}
}

@article{weidinger2021ethical,
  title={Ethical and Social Risks of Harm from Language Models},
  author={Weidinger, Laura and Mellor, John and Rauh, Maribeth and Griffin, Conor and Uesato, Jonathan and Huang, Po-Sen and Cheng, Myra and Glaese, Mia and Balle, Borja and Kasirzadeh, Atoosa and others},
  journal={arXiv preprint arXiv:2112.04359},
  year={2021}
}

@article{gehman2020realtoxicityprompts,
  title={RealToxicityPrompts: Evaluating Neural Toxic Degeneration in Language Models},
  author={Gehman, Samuel and Gururangan, Suchin and Sap, Maarten and Choi, Yejin and Smith, Noah A.},
  journal={Findings of the Association for Computational Linguistics: EMNLP 2020},
  pages={3356--3369},
  year={2020},
  publisher={Association for Computational Linguistics},
  doi={10.18653/v1/2020.findings-emnlp.301}
}

@article{sheng2019woman,
  title={The Woman Worked as a Babysitter: On Biases in Language Generation},
  author={Sheng, Emily and Chang, Kai-Wei and Natarajan, Premkumar and Peng, Nanyun},
  journal={Proceedings of the 2019 Conference on Empirical Methods in Natural Language Processing and the 9th International Joint Conference on Natural Language Processing},
  pages={3407--3412},
  year={2019},
  publisher={Association for Computational Linguistics},
  doi={10.18653/v1/D19-1339}
}

@article{sap2019risk,
  title={The Risk of Racial Bias in Hate Speech Detection},
  author={Sap, Maarten and Card, Dallas and Gabriel, Saadia and Choi, Yejin and Smith, Noah A.},
  journal={Proceedings of the 57th Annual Meeting of the Association for Computational Linguistics},
  pages={1668--1678},
  year={2019},
  publisher={Association for Computational Linguistics},
  doi={10.18653/v1/P19-1163}
}

@article{nadeem2021stereoset,
  title={StereoSet: Measuring Stereotypical Bias in Pretrained Language Models},
  author={Nadeem, Moin and Bethke, Anna and Reddy, Siva},
  journal={Proceedings of the 59th Annual Meeting of the Association for Computational Linguistics and the 11th International Joint Conference on Natural Language Processing},
  pages={5356--5371},
  year={2021},
  publisher={Association for Computational Linguistics},
  doi={10.18653/v1/2021.acl-long.416}
}

@article{gururangan2022whose,
  title={Whose Language Counts as High Quality? Measuring Language Ideologies in Text Data Selection},
  author={Gururangan, Suchin and Card, Dallas and Dreier, Sarah K. and Gade, Emily and Wang, Leroy Z. and Wang, Zeyu and Zettlemoyer, Luke and Smith, Noah A.},
  journal={Proceedings of the 2022 Conference on Empirical Methods in Natural Language Processing},
  pages={2562--2583},
  year={2022},
  publisher={Association for Computational Linguistics},
  doi={10.18653/v1/2022.emnlp-main.165}
} 